<record><leader>00000cas a22000007a 4500</leader><controlfield tag="001">41887128</controlfield><controlfield tag="008">990716d197919uuncucr ne      0    0eng d</controlfield><datafield ind1=" " ind2=" " tag="010"><subfield code="a">sn 97064508 </subfield></datafield><datafield ind1=" " ind2=" " tag="040"><subfield code="a">NVJ</subfield><subfield code="b">eng</subfield><subfield code="c">NVJ</subfield><subfield code="d">OCLCQ</subfield><subfield code="d">OCLCF</subfield><subfield code="d">OCLCO</subfield></datafield><datafield ind1=" " ind2=" " tag="042"><subfield code="a">msc</subfield></datafield><datafield ind1="0" ind2="4" tag="245"><subfield code="a">The Anson record and the messenger and intelligencer.</subfield></datafield><datafield ind1="3" ind2="0" tag="246"><subfield code="a">Messenger and intelligencer</subfield></datafield><datafield ind1=" " ind2=" " tag="260"><subfield code="a">Wadesboro, N.C. :</subfield><subfield code="b">Kelvin B. Mackey</subfield></datafield><datafield ind1=" " ind2=" " tag="300"><subfield code="a">v.</subfield></datafield><datafield ind1=" " ind2=" " tag="310"><subfield code="a">Semiweekly</subfield></datafield><datafield ind1="0" ind2=" " tag="362"><subfield code="a">98th yr., no. 47 (Nov. 22, 1979)-</subfield></datafield><datafield ind1=" " ind2="0" tag="651"><subfield code="a">Wadesboro (N.C.)</subfield><subfield code="v">Newspapers.</subfield></datafield><datafield ind1=" " ind2="0" tag="651"><subfield code="a">Anson County (N.C.)</subfield><subfield code="v">Newspapers.</subfield></datafield><datafield ind1=" " ind2="7" tag="655"><subfield code="a">Newspapers.</subfield><subfield code="2">fast</subfield><subfield code="0">(OCoLC)fst01423814</subfield></datafield><datafield ind1=" " ind2="7" tag="651"><subfield code="a">North Carolina</subfield><subfield code="z">Anson County.</subfield><subfield code="2">fast</subfield><subfield code="0">(OCoLC)fst01208037</subfield></datafield><datafield ind1=" " ind2="7" tag="651"><subfield code="a">North Carolina</subfield><subfield code="z">Wadesboro.</subfield><subfield code="2">fast</subfield><subfield code="0">(OCoLC)fst01224112</subfield></datafield><datafield ind1=" " ind2=" " tag="752"><subfield code="a">United States</subfield><subfield code="b">North Carolina</subfield><subfield code="c">Anson</subfield><subfield code="d">Wadesboro.</subfield></datafield><datafield ind1="0" ind2="4" tag="780"><subfield code="t">Anson record</subfield><subfield code="w">(DLC)sn 97064507</subfield></datafield><datafield ind1="0" ind2="4" tag="780"><subfield code="t">Messenger and intelligencer (Wadesboro, N.C. : 1949)</subfield><subfield code="w">(DLC)sn 97064506</subfield></datafield><datafield ind1="0" ind2="0" tag="785"><subfield code="t">Anson record (Wadesboro, N.C. : 1992)</subfield></datafield></record>